<?xml version="1.0" encoding="UTF-8"?><record xmlns="http://www.loc.gov/MARC21/slim" xmlns:cinclude="http://apache.org/cocoon/include/1.0" xmlns:zs="http://www.loc.gov/zing/srw/">
  <leader>00473nz  a2200133n  4500</leader>
  <controlfield tag="001">no2006029146</controlfield>
  <controlfield tag="003">DLC</controlfield>
  <controlfield tag="005">20060323051937.0</controlfield>
  <controlfield tag="008">060322n| acannaabn          |n aaa     c</controlfield>
  <datafield tag="010" ind1=" " ind2=" ">
    <subfield code="a">no2006029146</subfield>
  </datafield>
  <datafield tag="035" ind1=" " ind2=" ">
    <subfield code="a">(OCoLC)oca06889196</subfield>
  </datafield>
  <datafield tag="040" ind1=" " ind2=" ">
    <subfield code="a">IEN</subfield>
    <subfield code="b">eng</subfield>
    <subfield code="c">IEN</subfield>
  </datafield>
  <datafield tag="100" ind1="1" ind2=" ">
    <subfield code="a">Jannaud, Germain</subfield>
  </datafield>
  <datafield tag="670" ind1=" " ind2=" ">
    <subfield code="a">La me패canisation de l'agriculture en Re패publique Centrafricaine, 1967:</subfield>
    <subfield code="b">t.p. (Germain Jannaud, engineer, Centre d'e패tudes et d'expe패rimentation du machinisme agricole tropical)</subfield>
  </datafield>
</record>